@book{lamport1994latex,
  title={LATEX: a document preparation system: user's guide and reference manual},
  author={Lamport, Leslie},
  year={1994},
  publisher={Addison-wesley}
}

@article{DBLP:journals/corr/CanzianiPC16,
  author    = {Alfredo Canziani and
               Adam Paszke and
               Eugenio Culurciello},
  title     = {An Analysis of Deep Neural Network Models for Practical Applications},
  journal   = {CoRR},
  volume    = {abs/1605.07678},
  year      = {2016},
  url       = {http://arxiv.org/abs/1605.07678},
  archivePrefix = {arXiv},
  eprint    = {1605.07678},
  timestamp = {Wed, 07 Jun 2017 14:42:20 +0200},
  biburl    = {https://dblp.org/rec/bib/journals/corr/CanzianiPC16},
  bibsource = {dblp computer science bibliography, https://dblp.org}
}

@misc{UdacityLesson7,
  author        = {Udacity},
  title         = {Lesson 7: Inference Applications in Robotics},
  month         = {July},
  year          = {2018},
  publisher={Udacity}
}

@misc{NvidiaDN,
  title = {DetectNet: Deep Neural Network for Object Detection in DIGITS},
  howpublished = {\url{https://devblogs.nvidia.com/detectnet-deep-neural-network-object-detection-digits/}},
  note = {Accessed: 2018-08-28}
}

@misc{DNwDIGITS,
  title = {Deep Learning for Object Detection with DIGITS},
  howpublished = {\url{https://devblogs.nvidia.com/deep-learning-object-detection-digits/}},
  note = {Accessed: 2018-08-28}
}

@article{DBLP:journals/corr/SzegedyLJSRAEVR14,
  author    = {Christian Szegedy and
               Wei Liu and
               Yangqing Jia and
               Pierre Sermanet and
               Scott E. Reed and
               Dragomir Anguelov and
               Dumitru Erhan and
               Vincent Vanhoucke and
               Andrew Rabinovich},
  title     = {Going Deeper with Convolutions},
  journal   = {CoRR},
  volume    = {abs/1409.4842},
  year      = {2014},
  url       = {http://arxiv.org/abs/1409.4842},
  archivePrefix = {arXiv},
  eprint    = {1409.4842},
  timestamp = {Wed, 07 Jun 2017 14:40:42 +0200},
  biburl    = {https://dblp.org/rec/bib/journals/corr/SzegedyLJSRAEVR14},
  bibsource = {dblp computer science bibliography, https://dblp.org}
}
